@ARTICLE{Lamport1986,
   author = {L[eslie] A. Lamport},
   title = {The Gnats and Gnus Document Preparation System},
   journal = {G-Animal's Journal},
   year = 1986,
   volume = 41,
   number = 7,
   pages = "73+",
   month = jul,
}

@incollection{Aikio2007,
	author = {Aikio, A.},
	title = {Etymological nativization of loanwords: A case study of Saami and Finnish}, 
    booktitle = {Saami Linguistics}, 
    publisher = {John Benjamins},
    addres = {},
    pages = {17-52},
    year = {2007},
    editor = {Ida Toivonen and Diane Nelson}
}